@book{PERV,
   author = {Виктор Валентинович Барсков and Николай Алексеевич Забелин and Юрий Владимирович Матвеев and Виктор Александрович Рассохин and Георгий Анатольевич Фокин},
   city = {Санкт-Петербург},
   title = {Стационарные газотурбинные установки. Технические характеристики. Расчет тепловых схем: учебное пособие},
   year = {2023},
}
@book{TURB,
   author = {Лапшин Кирилл Леонидович},
   city = {Санкт-Петербург,},
   edition = {2},
   publisher = {Санкт-Петербургский государственный политехнический университет},
   title = {Математические модели проточных частей в проектировочных газодинамических расчётах осевых тепловых турбин на ЭВМ: учебное пособие.},
   year = {2014},
}
@book{COMP,
   author = {Ю.С.Подобуев},
   city = {Ленинград},
   title = {Приближенный расчет осевого компрессора},
   year = {1981},
}
