@article{DanischKrumbiegel2021,
  doi = {10.21105/joss.03349},
  url = {https://doi.org/10.21105/joss.03349},
  year = {2021},
  publisher = {The Open Journal},
  volume = {6},
  number = {65},
  pages = {3349},
  author = {Simon Danisch and Julius Krumbiegel},
  title = {{Makie.jl}: Flexible high-performance data visualization for {Julia}},
  journal = {Journal of Open Source Software}
}

@article{rackauckas2017differentialequations,
  title={Differential{E}quations.jl--a performant and feature-rich ecosystem for solving differential equations in {J}ulia},
  author={Rackauckas, Christopher and Nie, Qing},
  journal={Journal of Open Research Software},
  volume={5},
  number={1},
  year={2017},
  publisher={Ubiquity Press}
}

@article{lap,
  title = {Математические модели проточных частей в проектировочных газодинамических расчётах осевых тепловых турбин на ЭВМ: учебное пособие},
  edition = {2},
  author = {К. Л. Лапшин},
  address = {Санкт-Петербург},
  year = {2014}
}

@article{lap2,
  title = {Теория оптимального проектирования тепловых турбомашин: конспект лекций},
  author = {К. Л. Лапшин},
  address = {Санкт-Петербург},
  year = {2018}
}

@article{Bar,
  title = {Стационарные газотурбинные установки. Технические характеристики. Расчет тепловых схем: учебное пособие},
  author = {В. В. Барсков},
}
