@book{PERV,
   author = {Виктор Валентинович Барсков and Николай Алексеевич Забелин and Юрий Владимирович Матвеев and Виктор Александрович Рассохин and Георгий Анатольевич Фокин},
   city = {Санкт-Петербург},
   title = {Стационарные газотурбинные установки. Технические характеристики. Расчет тепловых схем: учебное пособие},
   year = {2023},
}
@book{TURB,
   author = {Кирилл Леонидович Лапшин},
   city = {Санкт-Петербург,},
   edition = {2},
   publisher = {Санкт-Петербургский государственный политехнический университет},
   title = {Математические модели проточных частей в проектировочных газодинамических расчётах осевых тепловых турбин на ЭВМ: учебное пособие.},
   year = {2014},
}
@book{COMP,
   author = {Ю.С.Подобуев},
   city = {Ленинград},
   title = {Приближенный расчет осевого компрессора},
   year = {1981},
}
@book{STEL,
   author = {В. И. Локай and М. К. Максутова and В. А. Стрункин},
   city = {Москва},
   pages = {430-431},
   publisher = {Машиностроение},
   title = {Газовые турбины двигателей летательных аппаратов},
   year = {1979},
}
@book{LPI,
   author = {К. Л. Лапшин and С. Ю. Оленников},
   publisher = {ЛПИ,},
   title = {Выбор параметров рабочего процесса газотурбинного двигателя с использованием ЭВМ},
   year = {1988},
}
@book{Tutu,
   author = {С. В. Цанев and В. Д. Буров and А. С. Земцов and А. С. Осыка},
   city = {Москва},
   publisher = {Издательский дом МЭИ},
   title = {Газотурбинные энергетические установки},
   year = {2011},
}

