@misc{ANSYS,
  author = {{ANSYS, Inc.}},
  year = {2020},
  title = {{ANSYS Fluent Theory Guide}},
  publisher = {{ANSYS Inc.}},
  address = {Canonsburg, PA}
}

@software{fluent,
  author = {{ANSYS, Inc.}},
  title = {{ANSYS Fluent, Release 2023 R1}},
  version = {2023 R1},
  year = {2023},
  url = {https://www.ansys.com/products/fluids/ansys-fluent}
}

@article{makie,
	doi = {10.21105/joss.03349},
	url = {https://doi.org/10.21105/joss.03349},
	year = {2021},
	publisher = {The Open Journal},
	volume = {6},
	number = {65},
	pages = {3349},
	author = {Simon Danisch and Julius Krumbiegel},
	title = {{Makie.jl}: Flexible high-performance data visualization for {Julia}},
	journal = {Journal of Open Source Software}
}

@article{lap,
  title = {Математические модели проточных частей в проектировочных газодинамических расчётах осевых тепловых турбин на ЭВМ: учебное пособие},
  edition = {2},
  author = {К. Л. Лапшин},
  address = {Санкт-Петербург},
  year = {2014}
}
